@misc{howToCiteNITRIC_website,
title = {NITRC, NITRC-IR, and NITRC-CE have been funded in whole or in part with Federal funds from the the Department of Health and Human Services, National Institute of Biomedical Imaging and Bioengineering, the National Institute of Neurological Disorders and Stroke, under the following NIH grants: 1R43NS074540, 2R44NS074540, and 1U24EB023398 and previously GSA Contract No. GS-00F-0034P, Order Number HHSN268200100090U}
}

@article{7927889,
  author={Smith, Brent and Linden, Greg},
  journal={IEEE Internet Computing}, 
  title={Two Decades of Recommender Systems at Amazon.com}, 
  year={2017},
  volume={21},
  number={3},
  pages={12-18},
  doi={10.1109/MIC.2017.72}}

@inproceedings{bennett2007netflix,
  title={The netflix prize},
  author={Bennett, James and Lanning, Stan and others},
  booktitle={Proceedings of KDD cup and workshop},
  volume={2007},
  pages={35},
  year={2007},
  organization={New York, NY, USA.}
}


@article{marcus2007extensible,
  title={The extensible neuroimaging archive toolkit},
  author={Marcus, Daniel S and Olsen, Timothy R and Ramaratnam, Mohana and Buckner, Randy L},
  journal={Neuroinformatics},
  volume={5},
  number={1},
  pages={11--33},
  year={2007},
  publisher={Springer}
}



@misc{FAIR_Principles,
 title = {Material was copied from this source, which is available under a Creative Commons Attribution 4.0 International License ,\url{https://creativecommons.org/licenses/by/4.0/}},
 author = { FAIR Principles, GO FAIR,\url{https://www.go-fair.org/fair-principles }},
 year = {2020},

 }
@book{forouzan2002tcp,
  title={TCP/IP protocol suite},
  author={Forouzan, Behrouz A},
  year={2002},
  publisher={McGraw-Hill Higher Education}
}


@article{wilkinson2016fair,
  title={The FAIR Guiding Principles for scientific data management and stewardship},
  author={Wilkinson, Mark D and Dumontier, Michel and Aalbersberg, IJsbrand Jan and Appleton, Gabrielle and Axton, Myles and Baak, Arie and Blomberg, Niklas and Boiten, Jan-Willem and da Silva Santos, Luiz Bonino and Bourne, Philip E and others},
  journal={Scientific data},
  volume={3},
  number={1},
  pages={1--9},
  year={2016},
  publisher={Nature Publishing Group}
}

@article{abrams2021standards,
  title={A standards organization for Open and FAIR neuroscience: the International Neuroinformatics Coordinating Facility},
  author={Abrams, Mathew Birdsall and Bjaalie, Jan G and Das, Samir and Egan, Gary F and Ghosh, Satrajit S and Goscinski, Wojtek J and Grethe, Jeffrey S and Kotaleski, Jeanette Hellgren and Ho, Eric Tatt Wei and Kennedy, David N and others},
  journal={Neuroinformatics},
  pages={1--12},
  year={2021},
  publisher={Springer}
}

@article{woelfle2011open,
  title={Open science is a research accelerator},
  author={Woelfle, Michael and Olliaro, Piero and Todd, Matthew H},
  journal={Nature chemistry},
  volume={3},
  number={10},
  pages={745--748},
  year={2011},
  publisher={Nature Publishing Group}
}


@misc{spellman_gilbert_corker_2017,
 title={Open Science: What, Why, and How},
 url={psyarxiv.com/ak6jr},
 DOI={10.31234/osf.io/ak6jr},
 publisher={PsyArXiv},
 author={Spellman, Bobbie and Gilbert, Elizabeth A and Corker, Katherine S},
 year={2017},
 month={Apr}
}

@article{gorgolewski2016brain,
  title={The brain imaging data structure, a format for organizing and describing outputs of neuroimaging experiments},
  author={Gorgolewski, Krzysztof J and Auer, Tibor and Calhoun, Vince D and Craddock, R Cameron and Das, Samir and Duff, Eugene P and Flandin, Guillaume and Ghosh, Satrajit S and Glatard, Tristan and Halchenko, Yaroslav O and others},
  journal={Scientific data},
  volume={3},
  number={1},
  pages={1--9},
  year={2016},
  publisher={Nature Publishing Group}
}


@misc{Schottner_2020,
title={Open Science and Neuroimaging - A Practical Guide},
url={\url{osf.io/t2qba}},
publisher={OSF},
author={Schöttner, Mikkel},
year={2020},
month={Jan}
}

@article{poldrack2017openfmri,
  title={OpenfMRI: Open sharing of task fMRI data},
  author={Poldrack, Russell A and Gorgolewski, Krzysztof J},
  journal={Neuroimage},
  volume={144},
  pages={259--261},
  year={2017},
  publisher={Elsevier}
}


@article{gorgolewski2017openneuro,
  title={OpenNeuro—a free online platform for sharing and analysis of neuroimaging data},
  author={Gorgolewski, Krzysztof and Esteban, Oscar and Schaefer, Gunnar and Wandell, Brian and Poldrack, Russell},
  journal={Organization for human brain mapping. Vancouver, Canada},
  volume={1677},
  number={2},
  year={2017}
}



@article{li2016first,
  title={The first step for neuroimaging data analysis: DICOM to NIfTI conversion},
  author={Li, Xiangrui and Morgan, Paul S and Ashburner, John and Smith, Jolinda and Rorden, Christopher},
  journal={Journal of neuroscience methods},
  volume={264},
  pages={47--56},
  year={2016},
  publisher={Elsevier}
}

@article{gardner2008neuroscience,
  title={The neuroscience information framework: a data and knowledge environment for neuroscience},
  author={Gardner, Daniel and Akil, Huda and Ascoli, Giorgio A and Bowden, Douglas M and Bug, William and Donohue, Duncan E and Goldberg, David H and Grafstein, Bernice and Grethe, Jeffrey S and Gupta, Amarnath and others},
  journal={Neuroinformatics},
  volume={6},
  number={3},
  pages={149--160},
  year={2008},
  publisher={Springer}
}


@article{kennedy2016nitrc,
  title={The NITRC image repository},
  author={Kennedy, David N and Haselgrove, Christian and Riehl, Jon and Preuss, Nina and Buccigrossi, Robert},
  journal={NeuroImage},
  volume={124},
  pages={1069--1073},
  year={2016},
  publisher={Elsevier}
}


@article{markiewicz2021openneuro,
  title={OpenNeuro: An open resource for sharing of neuroimaging data},
  author={Markiewicz, Christopher J and Gorgolewski, Krzysztof Jacek and Feingold, Franklin and Blair, Ross and Halchenko, Yaroslav O and Miller, Eric and Hardcastle, Nell and Wexler, Joe and Esteban, Oscar and Goncalves, Mathias and others},
  journal={bioRxiv},
  year={2021},
  publisher={Cold Spring Harbor Laboratory}
}
@misc{oracle,
    title = {Oracle Machine Learning for Python User's Guide, Release 1.0},  
    Author = {David McDermid},
    Contributors = {Mark Hornick, Mandeep Kaur, Sherry Lamonica, Feng Li, Boriana Milenova, Venkatanathan Varadarajan , Andi Wang, Qin Wang, Yu Xiang},
    url = {\url{https://docs.oracle.com/en/database/oracle/machine-learning/oml4py/1/mlpug/algoritm-selection.html#GUID-C7A22403-6F4F-4C94-B193-220D0DCC2722}},
}


@article{bids,
  title={The brain imaging data structure, a format for organizing and describing outputs of neuroimaging experiments},
  author={Gorgolewski, Krzysztof J and Auer, Tibor and Calhoun, Vince D and Craddock, R Cameron and Das, Samir and Duff, Eugene P and Flandin, Guillaume and Ghosh, Satrajit S and Glatard, Tristan and Halchenko, Yaroslav O and others},
  journal={Scientific data},
  volume={3},
  number={1},
  pages={1--9},
  year={2016},
  publisher={Nature Publishing Group}
}


@inproceedings{missier2013w3c,
  title={The W3C PROV family of specifications for modelling provenance metadata},
  author={Missier, Paolo and Belhajjame, Khalid and Cheney, James},
  booktitle={Proceedings of the 16th International Conference on Extending Database Technology},
  pages={773--776},
  year={2013}
}

@misc{https://doi.org/10.25495/7gxk-rd71,
  doi = {10.25495/7GXK-RD71},
  url = {https://www.zenodo.org/},
  author = {{European Organization For Nuclear Research} and {OpenAIRE}},
  keywords = {FOS: Physical sciences, Publication, Dataset},
  language = {en},
  title = {Zenodo},
  publisher = {CERN},
  year = {2013}
}


@article{maumet2016sharing,
  title={Sharing brain mapping statistical results with the neuroimaging data model},
  author={Maumet, Camille and Auer, Tibor and Bowring, Alexander and Chen, Gang and Das, Samir and Flandin, Guillaume and Ghosh, Satrajit and Glatard, Tristan and Gorgolewski, Krzysztof J and Helmer, Karl G and others},
  journal={Scientific data},
  volume={3},
  number={1},
  pages={1--15},
  year={2016},
  publisher={Nature Publishing Group}
}

@misc{gitannex,
 author = {Joey Hess},
 title = { git-annex },
 Operating_systems = {Linux,FreeBSD,Android,OS X, Windows},
 year = {19 October 2010},
 Size = {44.2 MB},
 Type = {File synchronization},
 License ={GPL3+, AGPL3+},
 url = {\url{https://git-annex.branchable.com/}}}
 

@misc{datalad2021,
 author = {John T. Wodder II,Yaroslav Halchenko},
 year = {2021},
 title = { datalad/datalad: 0.14.6 (Version 0.14.6) },
 url = {\url{https://zenodo.org/record/5034875#.YN_gfUxlDIU}}
}


@misc{UnitedNationsGeneralAssembly,
 author = {United Nations General Assembly},
 year = {2015},
 title = {Sustainable Development Goals},
 url = {\url{https://sustainabledevelopment.un.org/}}
}
@misc{NeuroimagingDataModel,
 author = {INCF Neuroimaging Data Sharing Group},
 year = {2016},
 title = {Neuroimaging Data Model},
 url = {\url{http://nidm.nidash.org/}}
}

@misc{DATSDocumentation,
 author = { Philippe Rocca-Serra and Alejandra Gonzalez-Beltran. },
 year = {2016},
 title = {bioCADDIE DATS’s documentation},
 url = {\url{https://datatagsuite.github.io/docs/html/}}
}

@misc{NIMHDataArchive,
 author = {National Institute of Mental Health },
 title = {NIMH Data Archive},
 url = {\url{https://nda.nih.gov/}}
}



@article{sansone2017dats,
  title={DATS, the data tag suite to enable discoverability of datasets},
  author={Sansone, Susanna-Assunta and Gonzalez-Beltran, Alejandra and Rocca-Serra, Philippe and Alter, George and Grethe, Jeffrey S and Xu, Hua and Fore, Ian M and Lyle, Jared and Gururaj, Anupama E and Chen, Xiaoling and others},
  journal={Scientific data},
  volume={4},
  number={1},
  pages={1--8},
  year={2017},
  publisher={Nature Publishing Group}
}





@article{botvinik2020variability,
  title={Variability in the analysis of a single neuroimaging dataset by many teams},
  author={Botvinik-Nezer, Rotem and Holzmeister, Felix and Camerer, Colin F and Dreber, Anna and Huber, Juergen and Johannesson, Magnus and Kirchler, Michael and Iwanir, Roni and Mumford, Jeanette A and Adcock, R Alison and others},
  journal={Nature},
  pages={1--7},
  year={2020},
  publisher={Nature Publishing Group}
}
@book{rajaraman2011mining,
  title={Mining of massive datasets},
  author={Rajaraman, Anand and Ullman, Jeffrey David},
  year={2011},
  publisher={Cambridge University Press}
}
@article{koren2009matrix,
  title={Matrix factorization techniques for recommender systems},
  author={Koren, Yehuda and Bell, Robert and Volinsky, Chris},
  journal={Computer},
  volume={42},
  number={8},
  pages={30--37},
  year={2009},
  publisher={IEEE}
}
@inproceedings{hu2008collaborative,
  title={Collaborative filtering for implicit feedback datasets},
  author={Hu, Yifan and Koren, Yehuda and Volinsky, Chris},
  booktitle={2008 Eighth IEEE International Conference on Data Mining},
  pages={263--272},
  year={2008},
  organization={Ieee}
}
@article{gorgolewski2017bids,
  title={BIDS apps: Improving ease of use, accessibility, and reproducibility of neuroimaging data analysis methods},
  author={Gorgolewski, Krzysztof J and Alfaro-Almagro, Fidel and Auer, Tibor and Bellec, Pierre and Capot{\u{a}}, Mihai and Chakravarty, M Mallar and Churchill, Nathan W and Cohen, Alexander Li and Craddock, R Cameron and Devenyi, Gabriel A and others},
  journal={PLoS computational biology},
  volume={13},
  number={3},
  pages={e1005209},
  year={2017},
  publisher={Public Library of Science San Francisco, CA USA}
}

@article{kiar2019serverless,
  title={A serverless tool for platform agnostic computational experiment management},
  author={Kiar, Gregory and Brown, Shawn T and Glatard, Tristan and Evans, Alan C},
  journal={Frontiers in neuroinformatics},
  volume={13},
  pages={12},
  year={2019},
  publisher={Frontiers}
}
@article{glatard2018boutiques,
  title={Boutiques: a flexible framework to integrate command-line applications in computing platforms},
  author={Glatard, Tristan and Kiar, Gregory and Aumentado-Armstrong, Tristan and Beck, Natacha and Bellec, Pierre and Bernard, R{\'e}mi and Bonnet, Axel and Brown, Shawn T and Camarasu-Pop, Sorina and Cervenansky, Fr{\'e}d{\'e}ric and others},
  journal={GigaScience},
  volume={7},
  number={5},
  pages={giy016},
  year={2018},
  publisher={Oxford University Press}
}
@article{bokde2015matrix,
  title={Matrix factorization model in collaborative filtering algorithms: A survey},
  author={Bokde, Dheeraj and Girase, Sheetal and Mukhopadhyay, Debajyoti},
  journal={Procedia Computer Science},
  volume={49},
  pages={136--146},
  year={2015},
  publisher={Elsevier}
}
@inproceedings{bell2007improved,
  title={Improved neighborhood-based collaborative filtering},
  author={Bell, Robert M and Koren, Yehuda},
  booktitle={KDD cup and workshop at the 13th ACM SIGKDD international conference on knowledge discovery and data mining},
  pages={7--14},
  year={2007},
  organization={Citeseer}
}
@article{rossi2016syntactic,
  title={A SYNTACTIC AND SEMANTIC VIEW OF BIG DATA},
  author={Rossi, Rog{\'e}rio and Hirama, Kechi},
  year={2016}
}
@article{vincent2016minc,
  title={MINC 2.0: a flexible format for multi-modal images},
  author={Vincent, Robert D and Neelin, Peter and Khalili-Mahani, Najmeh and Janke, Andrew L and Fonov, Vladimir S and Robbins, Steven M and Baghdadi, Leila and Lerch, Jason and Sled, John G and Adalat, Reza and others},
  journal={Frontiers in neuroinformatics},
  volume={10},
  pages={35},
  year={2016},
  publisher={Frontiers}
}
@article{larobina2014medical,
  title={Medical image file formats},
  author={Larobina, Michele and Murino, Loredana},
  journal={Journal of digital imaging},
  volume={27},
  number={2},
  pages={200--206},
  year={2014},
  publisher={Springer}
}
@article{smith2002fast,
  title={Fast robust automated brain extraction},
  author={Smith, Stephen M},
  journal={Human brain mapping},
  volume={17},
  number={3},
  pages={143--155},
  year={2002},
  publisher={Wiley Online Library}
}
@article{la2021evaluating,
  title={Evaluating recommender systems for AI-driven biomedical informatics},
  author={La Cava, William and Williams, Heather and Fu, Weixuan and Vitale, Steve and Srivatsan, Durga and Moore, Jason H},
  journal={Bioinformatics},
  volume={37},
  number={2},
  pages={250--256},
  year={2021},
  publisher={Oxford University Press}
}
@article{fecher2014open,
  title={Open science: one term, five schools of thought},
  author={Fecher, Benedikt and Friesike, Sascha},
  journal={Opening science},
  pages={17--47},
  year={2014},
  publisher={Springer, Cham}
}

@incollection{pazzani2007content,
  title={Content-based recommendation systems},
  author={Pazzani, Michael J and Billsus, Daniel},
  booktitle={The adaptive web},
  pages={325--341},
  year={2007},
  publisher={Springer}
}

@article{dinov2014perfect,
  title={The perfect neuroimaging-genetics-computation storm: collision of petabytes of data, millions of hardware devices and thousands of software tools},
  author={Dinov, Ivo D and Petrosyan, Petros and Liu, Zhizhong and Eggert, Paul and Zamanyan, Alen and Torri, Federica and Macciardi, Fabio and Hobel, Sam and Moon, Seok Woo and Sung, Young Hee and others},
  journal={Brain imaging and behavior},
  volume={8},
  number={2},
  pages={311--322},
  year={2014},
  publisher={Springer}
}
@article{koren2015advances,
  title={Advances in collaborative filtering},
  author={Koren, Yehuda and Bell, Robert},
  journal={Recommender systems handbook},
  pages={77--118},
  year={2015},
  publisher={Springer}
}
@article{berrar2019cross,
  title={Cross-validation},
  author={Berrar, Daniel},
  journal={Encyclopedia of bioinformatics and computational biology},
  volume={1},
  pages={542--545},
  year={2019},
  publisher={Academic}
}
@article{powers2007evaluation,
  title={Evaluation: From precision, recall and F-factor to ROC, informedness, markedness \& correlation (Tech. Rep.)},
  author={Powers, DM},
  journal={Adelaide, Australia},
  year={2007}
}
@inproceedings{lamprecht2010synthesis,
  title={Synthesis-based loose programming},
  author={Lamprecht, Anna-Lena and Naujokat, Stefan and Margaria, Tiziana and Steffen, Bernhard},
  booktitle={2010 Seventh International Conference on the Quality of Information and Communications Technology},
  pages={262--267},
  year={2010},
  organization={IEEE}
}
@inproceedings{naujokat2012loose,
  title={Loose programming with PROPHETS},
  author={Naujokat, Stefan and Lamprecht, Anna-Lena and Steffen, Bernhard},
  booktitle={International Conference on Fundamental Approaches to Software Engineering},
  pages={94--98},
  year={2012},
  organization={Springer}
}

@article{lamprecht2013user,
  title={User-level workflow design},
  author={Lamprecht, Anna-Lena},
  journal={Lecture Notes in Computer Science},
  volume={8311},
  year={2013},
  publisher={Springer}
}

@article{ison2013edam,
  title={EDAM: an ontology of bioinformatics operations, types of data and identifiers, topics and formats},
  author={Ison, Jon and Kala{\v{s}}, Mat{\'u}{\v{s}} and Jonassen, Inge and Bolser, Dan and Uludag, Mahmut and McWilliam, Hamish and Malone, James and Lopez, Rodrigo and Pettifer, Steve and Rice, Peter},
  journal={Bioinformatics},
  volume={29},
  number={10},
  pages={1325--1332},
  year={2013},
  publisher={Oxford University Press}
}
@article{palmblad2019automated,
  title={Automated workflow composition in mass spectrometry-based proteomics},
  author={Palmblad, Magnus and Lamprecht, Anna-Lena and Ison, Jon and Schw{\"a}mmle, Veit},
  journal={Bioinformatics},
  volume={35},
  number={4},
  pages={656--664},
  year={2019},
  publisher={Oxford University Press}
}
@article{gil2010wings,
  title={Wings: Intelligent workflow-based design of computational experiments},
  author={Gil, Yolanda and Ratnakar, Varun and Kim, Jihie and Gonzalez-Calero, Pedro and Groth, Paul and Moody, Joshua and Deelman, Ewa},
  journal={IEEE Intelligent Systems},
  volume={26},
  number={1},
  pages={62--72},
  year={2010},
  publisher={IEEE}
}
@article{kumar2021tool,
  title={Tool recommender system in Galaxy using deep learning},
  author={Kumar, Anup and Rasche, Helena and Gr{\"u}ning, Bj{\"o}rn and Backofen, Rolf},
  journal={GigaScience},
  volume={10},
  number={1},
  pages={giaa152},
  year={2021},
  publisher={Oxford University Press}
}

@inproceedings{tornede2019algorithm,
  title={Algorithm selection as recommendation: From collaborative filtering to dyad ranking},
  author={Tornede, Alexander and Wever, Marcel and H{\"u}llermeier, Eyke},
  booktitle={CI Workshop, Dortmund},
  year={2019}
}

@article{vartak2017meta,
  title={A meta-learning perspective on cold-start recommendations for items},
  author={Vartak, Manasi and Thiagarajan, Arvind and Miranda, Conrado and Bratman, Jeshua and Larochelle, Hugo},
  year={2017}
}
@inproceedings{tornede2020extreme,
  title={Extreme algorithm selection with dyadic feature representation},
  author={Tornede, Alexander and Wever, Marcel and H{\"u}llermeier, Eyke},
  booktitle={International Conference on Discovery Science},
  pages={309--324},
  year={2020},
  organization={Springer}
}


@article{schafer2018dyad,
  title={Dyad ranking using Plackett--Luce models based on joint feature representations},
  author={Sch{\"a}fer, Dirk and H{\"u}llermeier, Eyke},
  journal={Machine Learning},
  volume={107},
  number={5},
  pages={903--941},
  year={2018},
  publisher={Springer}
}




